<?xml version="1.0" encoding="UTF-8"?><collection xmlns="http://www.loc.gov/MARC21/slim"><record><leader>00445nam--2200133-i-4500</leader><controlfield tag="001">000010099</controlfield><controlfield tag="002">20161230</controlfield><controlfield tag="005">20161230201028</controlfield><controlfield tag="008">060222s1000------------r-----000-0-eng-d</controlfield><datafield ind1=" " ind2=" " tag="080"><subfield code="a">518.1:519.283:681.3.06.5:62:65.011</subfield></datafield><datafield ind1=" " ind2=" " tag="100"><subfield code="a">Barrodale, Ian, Roberts, Frank D.K.And Ehle, Byron L</subfield></datafield><datafield ind1=" " ind2=" " tag="245"><subfield code="a">Elementary computer applications in science, engineering and business</subfield></datafield><datafield ind1=" " ind2=" " tag="260"><subfield code="a">New York, John Wiley And Sons Inc., 1971 Ix + 254 P</subfield></datafield><datafield ind1=" " ind2=" " tag="852"><subfield code="a">36528</subfield></datafield></record></collection>